[gd_scene load_steps=33 format=2]

[ext_resource path="res://CursedScript.ttf" type="DynamicFontData" id=1]
[ext_resource path="res://scripts/MainUI.gd" type="Script" id=2]
[ext_resource path="res://scenes/TileMap.tscn" type="PackedScene" id=3]
[ext_resource path="res://scripts/LocalController.gd" type="Script" id=4]
[ext_resource path="res://scripts/BottomBar.gd" type="Script" id=5]
[ext_resource path="res://scripts/GameWorld.gd" type="Script" id=6]
[ext_resource path="res://scripts/PlayerCam.gd" type="Script" id=7]
[ext_resource path="res://art/characters/dog.tres" type="Texture" id=8]
[ext_resource path="res://styles/BottomBarPanel.tres" type="StyleBox" id=9]
[ext_resource path="res://CursedScript-Bold.ttf" type="DynamicFontData" id=10]
[ext_resource path="res://scripts/ActButton.gd" type="Script" id=11]
[ext_resource path="res://art/ui/interact.tres" type="Texture" id=12]
[ext_resource path="res://art/ui/rest.tres" type="Texture" id=13]
[ext_resource path="res://art/ui/defend.tres" type="Texture" id=14]

[sub_resource type="StyleBoxFlat" id=2]
bg_color = Color( 0, 0, 0, 1 )
border_width_left = 3
border_width_top = 3
border_width_right = 3
border_color = Color( 1, 1, 1, 1 )

[sub_resource type="DynamicFont" id=1]
size = 32
font_data = ExtResource( 1 )

[sub_resource type="DynamicFont" id=4]
font_data = ExtResource( 1 )

[sub_resource type="DynamicFont" id=3]
size = 48
font_data = ExtResource( 10 )

[sub_resource type="StyleBoxTexture" id=10]
texture = ExtResource( 12 )
region_rect = Rect2( 0, 0, 32, 32 )
modulate_color = Color( 0.560784, 0.560784, 0.560784, 1 )

[sub_resource type="StyleBoxTexture" id=13]
texture = ExtResource( 12 )
region_rect = Rect2( 0, 0, 32, 32 )
modulate_color = Color( 0.298039, 0.298039, 0.298039, 1 )

[sub_resource type="StyleBoxTexture" id=11]
texture = ExtResource( 12 )
region_rect = Rect2( 0, 0, 32, 32 )

[sub_resource type="StyleBoxTexture" id=12]
texture = ExtResource( 12 )
region_rect = Rect2( 0, 0, 32, 32 )
modulate_color = Color( 0.14902, 0.14902, 0.14902, 1 )

[sub_resource type="StyleBoxTexture" id=16]
texture = ExtResource( 13 )
region_rect = Rect2( 0, 0, 32, 32 )
modulate_color = Color( 0.560784, 0.560784, 0.560784, 1 )

[sub_resource type="StyleBoxTexture" id=17]
texture = ExtResource( 13 )
region_rect = Rect2( 0, 0, 32, 32 )
modulate_color = Color( 0.298039, 0.298039, 0.298039, 1 )

[sub_resource type="StyleBoxTexture" id=18]
texture = ExtResource( 13 )
region_rect = Rect2( 0, 0, 32, 32 )

[sub_resource type="StyleBoxTexture" id=15]
texture = ExtResource( 13 )
region_rect = Rect2( 0, 0, 32, 32 )
modulate_color = Color( 0.14902, 0.14902, 0.14902, 1 )

[sub_resource type="StyleBoxTexture" id=14]
texture = ExtResource( 13 )
region_rect = Rect2( 0, 0, 32, 32 )

[sub_resource type="StyleBoxTexture" id=19]
texture = ExtResource( 14 )
region_rect = Rect2( 0, 0, 32, 32 )
modulate_color = Color( 0.560784, 0.560784, 0.560784, 1 )

[sub_resource type="StyleBoxTexture" id=20]
texture = ExtResource( 14 )
region_rect = Rect2( 0, 0, 32, 32 )
modulate_color = Color( 0.298039, 0.298039, 0.298039, 1 )

[sub_resource type="StyleBoxTexture" id=21]
texture = ExtResource( 14 )
region_rect = Rect2( 0, 0, 32, 32 )

[sub_resource type="StyleBoxTexture" id=22]
texture = ExtResource( 14 )
region_rect = Rect2( 0, 0, 32, 32 )
modulate_color = Color( 0.14902, 0.14902, 0.14902, 1 )

[sub_resource type="StyleBoxTexture" id=23]
texture = ExtResource( 14 )
region_rect = Rect2( 0, 0, 32, 32 )

[node name="GameWorld" type="Node2D"]
script = ExtResource( 6 )

[node name="ExecutionTimer" type="Timer" parent="."]
wait_time = 0.3
one_shot = true

[node name="Players" type="Node2D" parent="."]

[node name="Entities" type="Node2D" parent="."]

[node name="TileMap" parent="." instance=ExtResource( 3 )]

[node name="PlayerCam" type="Camera2D" parent="."]
z_index = 4096
current = true
script = ExtResource( 7 )

[node name="Spawns" type="Node2D" parent="."]

[node name="Creation" type="Node2D" parent="Spawns"]
position = Vector2( -96, -96 )

[node name="Void" type="Node2D" parent="Spawns"]
position = Vector2( -32, -160 )

[node name="Light" type="Node2D" parent="Spawns"]
position = Vector2( -96, 96 )

[node name="Darkness" type="Node2D" parent="Spawns"]
position = Vector2( -160, 32 )

[node name="Fire" type="Node2D" parent="Spawns"]
position = Vector2( 96, -96 )

[node name="Water" type="Node2D" parent="Spawns"]
position = Vector2( 160, -32 )

[node name="Earth" type="Node2D" parent="Spawns"]
position = Vector2( 96, 96 )

[node name="Air" type="Node2D" parent="Spawns"]
position = Vector2( 32, 160 )

[node name="LocalController" type="Node2D" parent="."]
script = ExtResource( 4 )

[node name="UI" type="CanvasLayer" parent="."]
script = ExtResource( 2 )

[node name="BottomBar" type="Control" parent="UI"]
anchor_top = 1.0
anchor_right = 1.0
anchor_bottom = 1.0
margin_top = -150.0
script = ExtResource( 5 )

[node name="Equipment" type="Panel" parent="UI/BottomBar"]
margin_left = 597.0
margin_top = 30.0
margin_right = 900.0
margin_bottom = 150.0
custom_styles/panel = ExtResource( 9 )

[node name="ItemIcons" type="Control" parent="UI/BottomBar/Equipment"]
anchor_right = 1.0
anchor_bottom = 1.0
margin_left = 3.0
margin_top = 3.0
margin_right = 3.0
margin_bottom = 3.0

[node name="Item1" type="TextureRect" parent="UI/BottomBar/Equipment/ItemIcons"]
margin_right = 98.0
margin_bottom = 59.0
expand = true
stretch_mode = 1

[node name="Item2" type="TextureRect" parent="UI/BottomBar/Equipment/ItemIcons"]
margin_left = 100.0
margin_right = 197.0
margin_bottom = 59.0
expand = true
stretch_mode = 1

[node name="Item3" type="TextureRect" parent="UI/BottomBar/Equipment/ItemIcons"]
margin_left = 199.0
margin_right = 297.0
margin_bottom = 59.0
expand = true
stretch_mode = 1

[node name="Item4" type="TextureRect" parent="UI/BottomBar/Equipment/ItemIcons"]
margin_top = 61.0
margin_right = 98.0
margin_bottom = 117.0
expand = true
stretch_mode = 1

[node name="Item5" type="TextureRect" parent="UI/BottomBar/Equipment/ItemIcons"]
margin_left = 100.0
margin_top = 61.0
margin_right = 197.0
margin_bottom = 117.0
expand = true
stretch_mode = 1

[node name="Item6" type="TextureRect" parent="UI/BottomBar/Equipment/ItemIcons"]
margin_left = 199.0
margin_top = 61.0
margin_right = 297.0
margin_bottom = 117.0
expand = true
stretch_mode = 1

[node name="VSplit1" type="ColorRect" parent="UI/BottomBar/Equipment"]
margin_left = 101.0
margin_top = 3.0
margin_right = 103.0
margin_bottom = 120.0

[node name="VSplit2" type="ColorRect" parent="UI/BottomBar/Equipment"]
margin_left = 200.0
margin_top = 3.0
margin_right = 202.0
margin_bottom = 120.0

[node name="HSplit" type="ColorRect" parent="UI/BottomBar/Equipment"]
margin_left = 3.0
margin_top = 62.0
margin_right = 300.0
margin_bottom = 64.0

[node name="Hand" type="Panel" parent="UI/BottomBar"]
margin_left = 149.0
margin_top = 80.0
margin_right = 600.0
margin_bottom = 150.0
custom_styles/panel = SubResource( 2 )

[node name="Portrait" type="Panel" parent="UI/BottomBar"]
margin_left = 64.0
margin_right = 184.0
margin_bottom = 150.0
custom_styles/panel = ExtResource( 9 )

[node name="Image" type="TextureRect" parent="UI/BottomBar/Portrait"]
anchor_right = 1.0
anchor_bottom = 1.0
mouse_filter = 2
texture = ExtResource( 8 )
stretch_mode = 5

[node name="ActionPoints" type="Panel" parent="UI/BottomBar/Portrait"]
margin_left = 117.0
margin_right = 167.0
margin_bottom = 150.0
custom_styles/panel = ExtResource( 9 )

[node name="Nameplate" type="Panel" parent="UI/BottomBar/Portrait"]
margin_left = -32.0
margin_top = 120.0
margin_right = 221.0
margin_bottom = 150.0
mouse_filter = 2
custom_styles/panel = ExtResource( 9 )

[node name="Name" type="RichTextLabel" parent="UI/BottomBar/Portrait/Nameplate"]
anchor_right = 1.0
anchor_bottom = 1.0
mouse_filter = 2
custom_fonts/normal_font = SubResource( 1 )
bbcode_enabled = true
bbcode_text = "[center]Snake of Darkness[/center]"
text = "Snake of Darkness"
scroll_active = false

[node name="Health" type="Panel" parent="UI/BottomBar/Portrait"]
margin_left = -21.0
margin_right = 3.0
margin_bottom = 123.0
custom_styles/panel = ExtResource( 9 )

[node name="Bar" type="ColorRect" parent="UI/BottomBar/Portrait/Health"]
margin_left = 3.0
margin_top = 3.0
margin_right = 21.0
margin_bottom = 120.0
color = Color( 0.427451, 0, 0, 1 )

[node name="Number" type="Label" parent="UI/BottomBar/Portrait/Health"]
anchor_right = 1.0
anchor_bottom = 1.0
custom_fonts/font = SubResource( 4 )
text = "60"
align = 1
valign = 1

[node name="Act" type="Button" parent="UI/BottomBar"]
anchor_left = 1.0
anchor_top = 1.0
anchor_right = 1.0
anchor_bottom = 1.0
margin_left = -309.0
margin_top = -67.0
margin_right = -16.0
margin_bottom = -16.0
grow_horizontal = 0
custom_fonts/font = SubResource( 3 )
text = "Confirm Turn"
script = ExtResource( 11 )

[node name="Actions" type="Panel" parent="UI/BottomBar"]
margin_left = 897.0
margin_top = 30.0
margin_right = 941.0
margin_bottom = 150.0
custom_styles/panel = ExtResource( 9 )

[node name="Interact" type="Button" parent="UI/BottomBar/Actions"]
margin_left = 6.0
margin_top = 6.0
margin_right = 38.0
margin_bottom = 38.0
focus_mode = 0
size_flags_horizontal = 2
size_flags_vertical = 2
custom_styles/hover = SubResource( 10 )
custom_styles/pressed = SubResource( 13 )
custom_styles/focus = SubResource( 11 )
custom_styles/disabled = SubResource( 12 )
custom_styles/normal = SubResource( 11 )

[node name="Rest" type="Button" parent="UI/BottomBar/Actions"]
margin_left = 6.0
margin_top = 44.0
margin_right = 38.0
margin_bottom = 76.0
focus_mode = 0
size_flags_horizontal = 2
size_flags_vertical = 2
custom_styles/hover = SubResource( 16 )
custom_styles/pressed = SubResource( 17 )
custom_styles/focus = SubResource( 18 )
custom_styles/disabled = SubResource( 15 )
custom_styles/normal = SubResource( 14 )

[node name="Defend" type="Button" parent="UI/BottomBar/Actions"]
margin_left = 6.0
margin_top = 82.0
margin_right = 38.0
margin_bottom = 114.0
focus_mode = 0
size_flags_horizontal = 2
size_flags_vertical = 2
custom_styles/hover = SubResource( 19 )
custom_styles/pressed = SubResource( 20 )
custom_styles/focus = SubResource( 21 )
custom_styles/disabled = SubResource( 22 )
custom_styles/normal = SubResource( 23 )

[node name="ErrorPopup" type="AcceptDialog" parent="UI"]
margin_right = 83.0
margin_bottom = 58.0

[node name="EmptyTurnPopup" type="ConfirmationDialog" parent="UI"]
margin_right = 200.0
margin_bottom = 70.0
window_title = "Empty Turn Warning"
dialog_text = "Are you sure you want to do nothing this turn?"

[connection signal="timeout" from="ExecutionTimer" to="." method="on_execution_timer_complete"]
[connection signal="submitted_turn" from="LocalController" to="UI/BottomBar/Act" method="on_turn_submitted"]
[connection signal="mouse_entered" from="UI/BottomBar/Portrait" to="UI/BottomBar" method="on_mouse_entered_portrait"]
[connection signal="mouse_exited" from="UI/BottomBar/Portrait" to="UI/BottomBar" method="on_mouse_exited_portrait"]
[connection signal="pressed" from="UI/BottomBar/Act" to="LocalController" method="on_act_pressed"]
[connection signal="pressed" from="UI/BottomBar/Actions/Interact" to="LocalController" method="on_interact_pressed"]
[connection signal="pressed" from="UI/BottomBar/Actions/Rest" to="LocalController" method="on_rest_pressed"]
[connection signal="pressed" from="UI/BottomBar/Actions/Defend" to="LocalController" method="on_defend_pressed"]
[connection signal="popup_hide" from="UI/ErrorPopup" to="UI" method="on_error_popup_hidden"]
[connection signal="confirmed" from="UI/EmptyTurnPopup" to="LocalController" method="on_empty_turn_confirmed"]
